<record><leader>00000cas a2200000 a 4500</leader><controlfield tag="001">11906316</controlfield><controlfield tag="008">850411d1824184upaudn ne      0    0eng c</controlfield><datafield ind1=" " ind2=" " tag="010"><subfield code="a">sn 85025794 </subfield></datafield><datafield ind1=" " ind2=" " tag="040"><subfield code="a">NPX</subfield><subfield code="b">eng</subfield><subfield code="c">NPX</subfield><subfield code="d">NPH</subfield><subfield code="d">NPA</subfield><subfield code="d">DLC</subfield><subfield code="d">NPH</subfield><subfield code="d">OCL</subfield><subfield code="d">NPH</subfield><subfield code="d">YOX</subfield><subfield code="d">MGN</subfield><subfield code="d">CNK</subfield><subfield code="d">NVK</subfield><subfield code="d">OCL</subfield><subfield code="d">CRL</subfield><subfield code="d">NVF</subfield><subfield code="d">DLC</subfield><subfield code="d">KRTAS</subfield><subfield code="d">DLC</subfield><subfield code="d">OCLCQ</subfield><subfield code="d">OCLCA</subfield><subfield code="d">OCLCF</subfield></datafield><datafield ind1=" " ind2=" " tag="012"><subfield code="b">3</subfield></datafield><datafield ind1=" " ind2=" " tag="019"><subfield code="a">2257418</subfield></datafield><datafield ind1="1" ind2=" " tag="029"><subfield code="a">AU@</subfield><subfield code="b">000020371461</subfield></datafield><datafield ind1=" " ind2=" " tag="042"><subfield code="a">pcc</subfield></datafield><datafield ind1=" " ind2=" " tag="043"><subfield code="a">n-us-pa</subfield></datafield><datafield ind1="0" ind2="0" tag="050"><subfield code="a">Newspaper</subfield></datafield><datafield ind1="0" ind2=" " tag="130"><subfield code="a">American sentinel (Philadelphia, Pa. : Daily)</subfield></datafield><datafield ind1="1" ind2="0" tag="245"><subfield code="a">American sentinel.</subfield></datafield><datafield ind1="1" ind2=" " tag="246"><subfield code="i">Published &lt;Nov. 20, 1840-Mar. 12, 1841&gt; &lt;1842-July 10, 1843&gt; &lt;July 6, 1844&gt; as:</subfield><subfield code="a">American sentinel and mercantile advertiser</subfield></datafield><datafield ind1=" " ind2=" " tag="260"><subfield code="a">Philadelphia [Pa.] :</subfield><subfield code="b">Jacob Frick &amp; Co.,</subfield><subfield code="c">1824-</subfield></datafield><datafield ind1=" " ind2=" " tag="300"><subfield code="a">v.</subfield></datafield><datafield ind1=" " ind2=" " tag="310"><subfield code="a">Daily</subfield></datafield><datafield ind1=" " ind2=" " tag="321"><subfield code="a">Daily (except Sunday),</subfield><subfield code="b">&lt;Jan. 2, 1837-July 10, 1843&gt;</subfield></datafield><datafield ind1="0" ind2=" " tag="362"><subfield code="a">Vol. 8, no. 2336 (Mar. 8, 1824)-</subfield></datafield><datafield ind1="1" ind2=" " tag="362"><subfield code="a">Ceased in Apr. 1847?</subfield></datafield><datafield ind1=" " ind2=" " tag="500"><subfield code="a">Publishers: Jacob Frick &amp; Co., &lt;1824-1827&gt;; Peter Hay &amp; Co., &lt;1829-1840&gt;; John H. Frick, &lt;1845-1846&gt;.</subfield></datafield><datafield ind1=" " ind2=" " tag="530"><subfield code="a">Also issued on microfilm from the Library of Congress, Photoduplication Service.</subfield></datafield><datafield ind1=" " ind2=" " tag="580"><subfield code="a">Weekly ed.: American sentinel (Philadelphia, Pa. : Weekly), 1824-&lt;1836&gt;.</subfield></datafield><datafield ind1=" " ind2=" " tag="580"><subfield code="a">Triweekly ed.: American sentinel, and mercantile advertiser (Philadelphia, Pa. : Triweekly), 1824-&lt;1845&gt;.</subfield></datafield><datafield ind1=" " ind2="0" tag="651"><subfield code="a">Philadelphia (Pa.)</subfield><subfield code="v">Newspapers.</subfield></datafield><datafield ind1=" " ind2="7" tag="655"><subfield code="a">Newspapers.</subfield><subfield code="2">fast</subfield><subfield code="0">(OCoLC)fst01423814</subfield></datafield><datafield ind1=" " ind2="7" tag="651"><subfield code="a">Pennsylvania</subfield><subfield code="z">Philadelphia.</subfield><subfield code="2">fast</subfield><subfield code="0">(OCoLC)fst01204170</subfield></datafield><datafield ind1=" " ind2=" " tag="752"><subfield code="a">United States</subfield><subfield code="b">Pennsylvania</subfield><subfield code="c">Philadelphia</subfield><subfield code="d">Philadelphia.</subfield></datafield><datafield ind1="1" ind2=" " tag="775"><subfield code="t">American sentinel (Philadelphia, Pa. : Weekly)</subfield><subfield code="w">(DLC)sn 83032319</subfield><subfield code="w">(OCoLC)10253435</subfield></datafield><datafield ind1="1" ind2=" " tag="775"><subfield code="t">American sentinel, and mercantile advertiser (Philadelphia, Pa. : Triweekly)</subfield><subfield code="w">(DLC)sn 85025791</subfield><subfield code="w">(OCoLC)11906163</subfield></datafield><datafield ind1="0" ind2="0" tag="780"><subfield code="t">American sentinel and mercantile advertiser (Philadelphia, Pa. : Daily)</subfield><subfield code="w">(DLC)sn 85025790</subfield><subfield code="w">(OCoLC)11905796</subfield></datafield><datafield ind1="0" ind2="0" tag="785"><subfield code="t">Cummings' evening telegraphic bulletin</subfield><subfield code="w">(DLC)sn 85054707</subfield><subfield code="w">(OCoLC)12100107</subfield></datafield><datafield ind1=" " ind2=" " tag="938"><subfield code="a">Kirtas Technologies, Inc.</subfield><subfield code="b">KRTS</subfield><subfield code="n">739123</subfield></datafield></record>